
    <record>
        <leader>01453cam a2200445 c 4500</leader>
        <controlfield tag="001">990308737384702202</controlfield>
        <controlfield tag="005">20160622112037.0</controlfield>
        <controlfield tag="007">ta</controlfield>
        <controlfield tag="008">110826s2003    xx#|||||||||||000|1|swe| </controlfield>
        <datafield tag="014" ind1="1" ind2=" ">
            <subfield code="a">030873738</subfield>
            <subfield code="b">(NO-TrBIB)</subfield>
        </datafield>
        <datafield tag="015" ind1=" " ind2=" ">
            <subfield code="a">0308055</subfield>
            <subfield code="2">nbf</subfield>
        </datafield>
        <datafield tag="020" ind1=" " ind2=" ">
            <subfield code="a">9137121235</subfield>
            <subfield code="q">ib.</subfield>
        </datafield>
        <datafield tag="040" ind1=" " ind2=" ">
            <subfield code="a">NO-OsNB</subfield>
            <subfield code="b">nob</subfield>
            <subfield code="e">katreg</subfield>
        </datafield>
        <datafield tag="041" ind1="1" ind2=" ">
            <subfield code="h">nob</subfield>
        </datafield>
        <datafield tag="042" ind1=" " ind2=" ">
            <subfield code="a">norbibl</subfield>
        </datafield>
        <datafield tag="044" ind1=" " ind2=" ">
            <subfield code="c">se</subfield>
        </datafield>
        <datafield tag="082" ind1="7" ind2="4">
            <subfield code="a">839.823</subfield>
            <subfield code="q">NO-OsNB</subfield>
            <subfield code="2">5/nor</subfield>
        </datafield>
        <datafield tag="100" ind1="1" ind2=" ">
            <subfield code="a">Fossum, Karin</subfield>
            <subfield code="d">1954-</subfield>
            <subfield code="0">(NO-TrBIB)90608300</subfield>
            <subfield code="1">http://viaf.org/viaf/120627630</subfield>
            <subfield code="4">http://rdaregistry.info/Elements/w/object/P10061</subfield>
        </datafield>
        <datafield tag="240" ind1="0" ind2="2">
            <subfield code="a">Evas öga ; Se dig inte om! ; Den som fruktar vargen</subfield>
            <subfield code="k">Novel collection</subfield>
            <subfield code="1">http://example.org/fossum/001</subfield>
            <subfield code="8">0</subfield>
        </datafield>
        <datafield tag="740" ind1="0" ind2=" ">
            <subfield code="a">Evas öga ; Se dig inte om! ; Den som fruktar vargen</subfield>
            <subfield code="8">0</subfield>
        </datafield>    
        <datafield tag="245" ind1="1" ind2="0">
            <subfield code="a">Evas öga ; Se dig inte om! ; Den som fruktar vargen</subfield>
            <subfield code="c">Karin Fossum ; översättning Helena och Ulf Örnkloo</subfield>
        </datafield>
        <datafield tag="246" ind1="1" ind2=" ">
            <subfield code="a">Den som frykter ulven</subfield>
            <subfield code="i">Originaltittel</subfield>
        </datafield>
        <datafield tag="246" ind1="1" ind2=" ">
            <subfield code="a">Evas øye</subfield>
            <subfield code="i">Originaltittel</subfield>
        </datafield>
        <datafield tag="246" ind1="1" ind2=" ">
            <subfield code="a">Se deg ikke tilbake!</subfield>
            <subfield code="i">Originaltittel</subfield>
        </datafield>
        <datafield tag="260" ind1=" " ind2=" ">
            <subfield code="a">Stockholm</subfield>
            <subfield code="b">Forum</subfield>
            <subfield code="c">2003</subfield>
        </datafield>
        <datafield tag="300" ind1=" " ind2=" ">
            <subfield code="a">655 s.</subfield>
        </datafield>
        <datafield tag="336" ind1=" " ind2=" ">
            <subfield code="a">tekst</subfield>
            <subfield code="0">http://rdaregistry.info/termList/RDAContentType/1020</subfield>
            <subfield code="2">rdaco</subfield>
        </datafield>
        <datafield tag="337" ind1=" " ind2=" ">
            <subfield code="a">uformidlet</subfield>
            <subfield code="0">http://rdaregistry.info/termList/RDAMediaType/1007</subfield>
            <subfield code="2">rdamt</subfield>
        </datafield>
        <datafield tag="338" ind1=" " ind2=" ">
            <subfield code="a">bind</subfield>
            <subfield code="0">http://rdaregistry.info/termList/RDACarrierType/1049</subfield>
            <subfield code="2">rdact</subfield>
        </datafield>
        <datafield tag="505" ind1="0" ind2="2">
            <subfield code="a">Evas öga -- Se dig inte om! -- Den som fruktar vargen</subfield>
        </datafield>
        <datafield tag="700" ind1="1" ind2=" ">
            <subfield code="a">Örnkloo, Helena</subfield>
            <subfield code="4">trl</subfield>
            <subfield code="1">http://viaf.org/viaf/120226803</subfield>
            <subfield code="4">http://rdaregistry.info/Elements/e/object/P20037</subfield>
        </datafield>
        <datafield tag="700" ind1="1" ind2=" ">
            <subfield code="a">Örnkloo, Ulf</subfield>
            <subfield code="4">trl</subfield>
            <subfield code="1">http://viaf.org/viaf/61517877</subfield>
            <subfield code="4">http://rdaregistry.info/Elements/e/object/P20037</subfield>
        </datafield>
        <datafield tag="700" ind1="0" ind2="2">
            <subfield code="a">Fossum, Karin</subfield>
            <subfield code="t">Den som fruktar vargen</subfield>
            <subfield code="1">http://viaf.org/viaf/2036167764294613890005</subfield>
            <subfield code="8">1</subfield>
        </datafield>
        <datafield tag="740" ind1="0" ind2=" ">
            <subfield code="a">Den som fruktar vargen</subfield>
            <subfield code="8">1</subfield>
        </datafield>
        <datafield tag="700" ind1="0" ind2="2">
            <subfield code="a">Fossum, Karin</subfield>
            <subfield code="t">Evas øye</subfield>
            <subfield code="1">http://viaf.org/viaf/2949151051818133530003</subfield>
            <subfield code="8">2</subfield>
        </datafield>
        <datafield tag="740" ind1="0" ind2=" ">
            <subfield code="a">Evas öga</subfield>
            <subfield code="8">2</subfield>            
        </datafield>
        <datafield tag="700" ind1="0" ind2="2">
            <subfield code="a">Fossum, Karin</subfield>
            <subfield code="t">Se deg ikke tilbake</subfield>
            <subfield code="1">http://viaf.org/viaf/9129151051843933530004</subfield>
            <subfield code="8">3</subfield>
        </datafield>
        <datafield tag="740" ind1="0" ind2=" ">
            <subfield code="a">Se dig inte om!</subfield>
            <subfield code="8">3</subfield>
        </datafield>
    </record>