
    <record>
        <leader>01599cam a2200361 c 4500</leader>
        <controlfield tag="001">991333408564702202</controlfield>
        <controlfield tag="005">20230306151351.0</controlfield>
        <controlfield tag="007">cr |||||||||||</controlfield>
        <controlfield tag="008">140122s2010    no#|||||o|||||000|f|nob| </controlfield>
        <datafield tag="020" ind1=" " ind2=" ">
            <subfield code="a">9788202303143</subfield>
            <subfield code="c">Nkr 99.00</subfield>
        </datafield>
        <datafield tag="040" ind1=" " ind2=" ">
            <subfield code="a">NO-OsNB</subfield>
            <subfield code="b">nob</subfield>
            <subfield code="e">katreg</subfield>
        </datafield>
        <datafield tag="042" ind1=" " ind2=" ">
            <subfield code="a">norbibl</subfield>
        </datafield>
        <datafield tag="044" ind1=" " ind2=" ">
            <subfield code="c">no</subfield>
        </datafield>
        <datafield tag="082" ind1="7" ind2="4">
            <subfield code="a">839.823</subfield>
            <subfield code="q">NO-OsNB</subfield>
            <subfield code="2">5/nor</subfield>
        </datafield>
        <datafield tag="100" ind1="1" ind2=" ">
            <subfield code="a">Fossum, Karin</subfield>
            <subfield code="d">1954-</subfield>
            <subfield code="0">(NO-TrBIB)90608300</subfield>
            <subfield code="1">http://viaf.org/viaf/120627630</subfield>
            <subfield code="4">http://rdaregistry.info/Elements/w/object/P10061</subfield>
        </datafield>
        <datafield tag="240" ind1="1" ind2="0">
            <subfield code="a">Evas øye</subfield>
            <subfield code="k">Novel</subfield>
            <subfield code="1">http://viaf.org/viaf/2949151051818133530003</subfield>
            <subfield code="8">0</subfield>
        </datafield>
        <datafield tag="740" ind1="1" ind2="0">
            <subfield code="a">Evas øye</subfield>
            <subfield code="8">0</subfield>
        </datafield>
        <datafield tag="245" ind1="1" ind2="0">
            <subfield code="a">Evas øye</subfield>
            <subfield code="c">Karin Fossum</subfield>
            <subfield code="h">[elektronisk ressurs]</subfield>
        </datafield>
        <datafield tag="260" ind1=" " ind2=" ">
            <subfield code="a">Oslo</subfield>
            <subfield code="b">Cappelen Damm</subfield>
            <subfield code="c">2010</subfield>
        </datafield>
        <datafield tag="300" ind1=" " ind2=" ">
            <subfield code="a">1 fil</subfield>
            <subfield code="b">EPUB</subfield>
        </datafield>
        <datafield tag="336" ind1=" " ind2=" " a="t">
            <subfield code="a">text</subfield>
            <subfield code="0">http://rdaregistry.info/termList/RDAContentType/1020</subfield>
        </datafield>
        <datafield tag="337" ind1=" " ind2=" " a="t">
            <subfield code="a">computer</subfield>
            <subfield code="0">http://rdaregistry.info/termList/RDAMediaType/1003</subfield>
        </datafield>
        <datafield tag="338" ind1=" " ind2=" " a="t">
            <subfield code="a">online</subfield>
            <subfield code="0">http://rdaregistry.info/termList/RDACarrierType/1018</subfield>
        </datafield>
        <datafield tag="347" ind1=" " ind2=" ">
            <subfield code="a">tekstfil</subfield>
            <subfield code="0">http://www.rdaregistry.info/termList/fileType/#1002</subfield>
            <subfield code="2">rdaft</subfield>
        </datafield>
        <datafield tag="490" ind1="1" ind2=" ">
            <subfield code="a">En Konrad Sejer-krim</subfield>
            <subfield code="v">nr. 1</subfield>
        </datafield>
        <datafield tag="500" ind1=" " ind2=" ">
            <subfield code="a">Serietittel fra trykt utg.</subfield>
        </datafield>
        <datafield tag="500" ind1=" " ind2=" ">
            <subfield code="a">Tittel fra tittelskjermbildet</subfield>
        </datafield>
        <datafield tag="776" ind1="0" ind2=" ">
            <subfield code="t">Evas øye</subfield>
            <subfield code="w">991007141964702201</subfield>
        </datafield>
        <datafield tag="800" ind1="1" ind2=" ">
            <subfield code="a">Fossum, Karin</subfield>
            <subfield code="t">En Konrad Sejer-krim</subfield>
            <subfield code="v">1</subfield>
            <subfield code="d">1954-</subfield>
        </datafield>
    </record>