
    <record>
        <leader>03303cam a2200733 c 4500</leader>
        <controlfield tag="001">999523438194702202</controlfield>
        <controlfield tag="005">20231213045657.0</controlfield>
        <controlfield tag="007">cr||||||||||||</controlfield>
        <controlfield tag="007">ta</controlfield>
        <controlfield tag="008">150112s1995    no ||||e |||||000|f|nob| </controlfield>
        <datafield tag="014" ind1="1" ind2=" ">
            <subfield code="a">952343819</subfield>
            <subfield code="b">(NO-TrBIB)</subfield>
        </datafield>
        <datafield tag="014" ind1="1" ind2=" ">
            <subfield code="a">952343819</subfield>
            <subfield code="b">(NO-TrBIB)</subfield>
        </datafield>
        <datafield tag="014" ind1="1" ind2=" ">
            <subfield code="a">952343819</subfield>
            <subfield code="b">(NO-TrBIB)</subfield>
        </datafield>
        <datafield tag="015" ind1=" " ind2=" ">
            <subfield code="a">9512609</subfield>
            <subfield code="2">nbf</subfield>
        </datafield>
        <datafield tag="020" ind1=" " ind2=" ">
            <subfield code="a">82-02-14993-2</subfield>
            <subfield code="q">Cappelens bokklubb</subfield>
        </datafield>
        <datafield tag="020" ind1=" " ind2=" ">
            <subfield code="a">82-02-15853-2</subfield>
            <subfield code="c">Nkr 279.00</subfield>
        </datafield>
        <datafield tag="040" ind1=" " ind2=" ">
            <subfield code="a">NO-OsNB</subfield>
            <subfield code="b">nob</subfield>
            <subfield code="e">katreg</subfield>
        </datafield>
        <datafield tag="042" ind1=" " ind2=" ">
            <subfield code="a">norbibl</subfield>
        </datafield>
        <datafield tag="044" ind1=" " ind2=" ">
            <subfield code="c">no</subfield>
        </datafield>
        <datafield tag="082" ind1="7" ind2="4">
            <subfield code="a">839.823</subfield>
            <subfield code="q">NO-OsNB</subfield>
            <subfield code="2">4/nor</subfield>
        </datafield>
        <datafield tag="100" ind1="1" ind2=" ">
            <subfield code="a">Fossum, Karin</subfield>
            <subfield code="d">1954-</subfield>
            <subfield code="4">aut</subfield>
            <subfield code="0">(NO-TrBIB)90608300</subfield>
            <subfield code="1">http://viaf.org/viaf/120627630</subfield>
            <subfield code="4">http://rdaregistry.info/Elements/w/object/P10061</subfield>
        </datafield>
        <datafield tag="240" ind1="1" ind2="0">
            <subfield code="a">Evas øye</subfield>
            <subfield code="k">Novel</subfield>
            <subfield code="1">http://viaf.org/viaf/2949151051818133530003</subfield>
            <subfield code="8">0</subfield>
        </datafield>
        <datafield tag="740" ind1="1" ind2="0">
            <subfield code="a">Evas øye</subfield>
            <subfield code="8">0</subfield>
        </datafield>
        <datafield tag="245" ind1="1" ind2="0">
            <subfield code="a">Evas øye :</subfield>
            <subfield code="b">kriminalroman</subfield>
            <subfield code="c">Karin Fossum</subfield>
        </datafield>
        <datafield tag="260" ind1=" " ind2=" ">
            <subfield code="a">[Oslo]</subfield>
            <subfield code="b">Cappelen</subfield>
            <subfield code="c">1995</subfield>
        </datafield>
        <datafield tag="300" ind1=" " ind2=" ">
            <subfield code="a">295 s.</subfield>
        </datafield>
        <datafield tag="336" ind1=" " ind2=" ">
            <subfield code="a">tekst</subfield>
            <subfield code="0">http://rdaregistry.info/termList/RDAContentType/1020</subfield>
            <subfield code="2">rdaco</subfield>
        </datafield>
        <datafield tag="337" ind1=" " ind2=" ">
            <subfield code="a">uformidlet</subfield>
            <subfield code="0">http://rdaregistry.info/termList/RDAMediaType/1007</subfield>
            <subfield code="2">rdamt</subfield>
        </datafield>
        <datafield tag="338" ind1=" " ind2=" ">
            <subfield code="a">bind</subfield>
            <subfield code="0">http://rdaregistry.info/termList/RDACarrierType/1049</subfield>
            <subfield code="2">rdact</subfield>
        </datafield>
        <datafield tag="500" ind1=" " ind2=" ">
            <subfield code="a">Opplagshistorikk:  2. oppl. 1995</subfield>
        </datafield>
        <datafield tag="533" ind1=" " ind2=" ">
            <subfield code="a">Elektronisk reproduksjon</subfield>
            <subfield code="b">[Norge]</subfield>
            <subfield code="c">Nasjonalbiblioteket Digital</subfield>
            <subfield code="d">2008-02-22</subfield>
        </datafield>
        <datafield tag="653" ind1=" " ind2=" ">
            <subfield code="a">skjønnlitteratur</subfield>
            <subfield code="a">kriminal</subfield>
            <subfield code="a">norsk</subfield>
            <subfield code="a">krim/spenning</subfield>
            <subfield code="a">1990-talletkriminalromaner</subfield>
        </datafield>
        <datafield tag="655" ind1=" " ind2="4">
            <subfield code="a">Kriminal</subfield>
        </datafield>
        <datafield tag="655" ind1=" " ind2="7">
            <subfield code="a">Romaner</subfield>
            <subfield code="0">(uri)https://id.nb.no/vocabulary/ntsf/258</subfield>
            <subfield code="2">ntsf</subfield>
        </datafield>
        <datafield tag="767" ind1="0" ind2=" ">
            <subfield code="6">880-01</subfield>
            <subfield code="t">Ina dya ḍārkanēsa</subfield>
            <subfield code="w">991506859204702201</subfield>
            <subfield code="z">9789849121312</subfield>
        </datafield>
        <datafield tag="767" ind1="0" ind2=" ">
            <subfield code="6">880-02</subfield>
            <subfield code="t">Jarima fi al-zalam</subfield>
            <subfield code="w">999921667269002201</subfield>
            <subfield code="z">9789773197377</subfield>
        </datafield>
        <datafield tag="767" ind1="0" ind2=" ">
            <subfield code="a">Fossum, Karin</subfield>
            <subfield code="t">El ojo de Eva /</subfield>
            <subfield code="w">999920150847802201</subfield>
        </datafield>
        <datafield tag="767" ind1="0" ind2=" ">
            <subfield code="a">Fossum, Karin</subfield>
            <subfield code="t">Eva's eye</subfield>
            <subfield code="w">991329823664702201</subfield>
        </datafield>
        <datafield tag="767" ind1="0" ind2=" ">
            <subfield code="a">Fossum, Karin</subfield>
            <subfield code="t">Evino oko</subfield>
            <subfield code="w">991400861374702201</subfield>
        </datafield>
        <datafield tag="767" ind1="0" ind2=" ">
            <subfield code="a">Fossum, Karin</subfield>
            <subfield code="t">In the darkness</subfield>
            <subfield code="w">991225530634702201</subfield>
        </datafield>
        <datafield tag="767" ind1="0" ind2=" ">
            <subfield code="a">Fossum, Karin</subfield>
            <subfield code="t">In the darkness</subfield>
            <subfield code="w">991323464194702201</subfield>
        </datafield>
        <datafield tag="767" ind1="0" ind2=" ">
            <subfield code="a">Fossum, Karin</subfield>
            <subfield code="t">Vo mrakot</subfield>
            <subfield code="w">999920447978302201</subfield>
        </datafield>
        <datafield tag="767" ind1="0" ind2=" ">
            <subfield code="t">El ojo de Eva</subfield>
            <subfield code="w">999921679651702201</subfield>
            <subfield code="z">978-84-9908-350-6</subfield>
        </datafield>
        <datafield tag="767" ind1="0" ind2=" ">
            <subfield code="t">Evino oko</subfield>
            <subfield code="w">999921333194002201</subfield>
            <subfield code="z">978-953-362-008-4</subfield>
        </datafield>
    </record>