
    <record>
        <leader>02849nam a2200529 c 4500</leader>
        <controlfield tag="001">999919951900602202</controlfield>
        <controlfield tag="005">20230601120112.0</controlfield>
        <controlfield tag="007">ta</controlfield>
        <controlfield tag="008">180605s2018    no     e |||||00| f nob| </controlfield>
        <datafield tag="020" ind1=" " ind2=" ">
            <subfield code="a">978-82-02-60257-4</subfield>
            <subfield code="q">h.</subfield>
            <subfield code="c">Nkr 179.00</subfield>
        </datafield>
        <datafield tag="040" ind1=" " ind2=" ">
            <subfield code="a">NO-OsBAS</subfield>
            <subfield code="b">nob</subfield>
            <subfield code="d">NO-OsNB</subfield>
            <subfield code="e">katreg</subfield>
        </datafield>
        <datafield tag="082" ind1="0" ind2="4">
            <subfield code="a">839.82374</subfield>
            <subfield code="q">NO-OsBAS</subfield>
            <subfield code="2">23/nor</subfield>
        </datafield>
        <datafield tag="100" ind1="1" ind2=" ">
            <subfield code="a">Fossum, Karin</subfield>
            <subfield code="d">1954-</subfield>
            <subfield code="0">(NO-TrBIB)90608300</subfield>
            <subfield code="4">aut</subfield>
            <subfield code="1">http://viaf.org/viaf/120627630</subfield>
            <subfield code="4">http://rdaregistry.info/Elements/w/object/P10061</subfield>
        </datafield>
        <datafield tag="240" ind1="1" ind2="0">
            <subfield code="a">Evas øye</subfield>
            <subfield code="k">Novel</subfield>
            <subfield code="1">http://viaf.org/viaf/2949151051818133530003</subfield>
            <subfield code="8">0</subfield>
        </datafield>
        <datafield tag="740" ind1="1" ind2="0">
            <subfield code="a">Evas øye</subfield>
            <subfield code="8">0</subfield>
        </datafield>
        <datafield tag="245" ind1="1" ind2="0">
            <subfield code="a">Evas øye</subfield>
            <subfield code="c">Karin Fossum</subfield>
        </datafield>
        <datafield tag="260" ind1=" " ind2=" ">
            <subfield code="a">[Oslo]</subfield>
            <subfield code="b">Cappelen Damm</subfield>
            <subfield code="c">2018</subfield>
        </datafield>
        <datafield tag="300" ind1=" " ind2=" ">
            <subfield code="a">303 s.</subfield>
            <subfield code="c">21 cm</subfield>
        </datafield>
        <datafield tag="336" ind1=" " ind2=" ">
            <subfield code="a">tekst</subfield>
            <subfield code="0">http://rdaregistry.info/termList/RDAContentType/1020</subfield>
            <subfield code="2">rdaco</subfield>
        </datafield>
        <datafield tag="337" ind1=" " ind2=" ">
            <subfield code="a">uformidlet</subfield>
            <subfield code="0">http://rdaregistry.info/termList/RDAMediaType/1007</subfield>
            <subfield code="2">rdamt</subfield>
        </datafield>
        <datafield tag="338" ind1=" " ind2=" ">
            <subfield code="a">bind</subfield>
            <subfield code="0">http://rdaregistry.info/termList/RDACarrierType/1049</subfield>
            <subfield code="2">rdact</subfield>
        </datafield>
        <datafield tag="490" ind1="1" ind2=" ">
            <subfield code="a">En Konrad Sejer-krim</subfield>
            <subfield code="v">[1]</subfield>
        </datafield>
        <datafield tag="500" ind1=" " ind2=" ">
            <subfield code="a">1. utg. Oslo : Cappelen, 1995</subfield>
        </datafield>
        <datafield tag="520" ind1=" " ind2=" ">
            <subfield code="a">Eva Magnus, idealistisk kunstner og alenemor, er i ferd med å trå over grenser. Barndomsvenninnen, Marie Durban, dukker plutselig opp og forteller at hun livnærer seg som luksusprostituert. Og det akkurat den dagen Eva står foran kjøpesenteret med tom lommebok og en bunke regninger.</subfield>
        </datafield>
        <datafield tag="533" ind1=" " ind2=" ">
            <subfield code="a">Elektronisk reproduksjon</subfield>
            <subfield code="b">[Norge]</subfield>
            <subfield code="c">Nasjonalbiblioteket Digital</subfield>
            <subfield code="d">2021-11-23</subfield>
        </datafield>
        <datafield tag="650" ind1=" " ind2="7">
            <subfield code="a">Sejer, Konrad (fiktiv person)</subfield>
            <subfield code="2">bokbas</subfield>
        </datafield>
        <datafield tag="651" ind1=" " ind2="7">
            <subfield code="a">Austlandet</subfield>
            <subfield code="2">bokbas</subfield>
            <subfield code="9">nno</subfield>
        </datafield>
        <datafield tag="651" ind1=" " ind2="7">
            <subfield code="a">Østlandet</subfield>
            <subfield code="2">bokbas</subfield>
            <subfield code="9">nob</subfield>
        </datafield>
        <datafield tag="655" ind1=" " ind2="7">
            <subfield code="a">Krim</subfield>
            <subfield code="2">bokbas</subfield>
            <subfield code="9">nno</subfield>
        </datafield>
        <datafield tag="655" ind1=" " ind2="7">
            <subfield code="a">Krim</subfield>
            <subfield code="2">bokbas</subfield>
            <subfield code="9">nob</subfield>
        </datafield>
        <datafield tag="655" ind1=" " ind2="7">
            <subfield code="a">Politi og detektivar</subfield>
            <subfield code="2">bokbas</subfield>
            <subfield code="9">nno</subfield>
        </datafield>
        <datafield tag="655" ind1=" " ind2="7">
            <subfield code="a">Politi og detektiver</subfield>
            <subfield code="2">bokbas</subfield>
            <subfield code="9">nob</subfield>
        </datafield>
        <datafield tag="655" ind1=" " ind2="7">
            <subfield code="a">Romanar</subfield>
            <subfield code="2">bokbas</subfield>
            <subfield code="9">nno</subfield>
        </datafield>
        <datafield tag="655" ind1=" " ind2="7">
            <subfield code="a">Romaner</subfield>
            <subfield code="0">(uri)https://id.nb.no/vocabulary/ntsf/258</subfield>
            <subfield code="2">ntsf</subfield>
        </datafield>
        <datafield tag="655" ind1=" " ind2="7">
            <subfield code="a">Romaner</subfield>
            <subfield code="2">bokbas</subfield>
            <subfield code="9">nob</subfield>
        </datafield>
        <datafield tag="800" ind1="1" ind2=" ">
            <subfield code="a">Fossum, Karin</subfield>
            <subfield code="d">1954-</subfield>
            <subfield code="t">En Konrad Sejer-krim;</subfield>
            <subfield code="v">1</subfield>
            <subfield code="0">(NO-TrBIB)90608300</subfield>
            <subfield code="4">aut</subfield>
        </datafield>
    </record>