
    <record>
        <leader>01423cgm a2200325 c 4500</leader>
        <controlfield tag="001">999919985297502202</controlfield>
        <controlfield tag="005">20230105133932.0</controlfield>
        <controlfield tag="007">vd |v||||</controlfield>
        <controlfield tag="008">110826s2009    xx#|||||||||||####v|nob|d</controlfield>
        <datafield tag="040" ind1=" " ind2=" ">
            <subfield code="a">NO-TrBIB</subfield>
            <subfield code="b">nob</subfield>
            <subfield code="e">katreg</subfield>
        </datafield>
        <datafield tag="240" ind1="1" ind2="2">
            <subfield code="a">Evas øye (filmatisering</subfield>
            <subfield code="k">Movie</subfield>
            <subfield code="1">https://www.imdb.com/title/tt0188605</subfield>
        </datafield>        
        <datafield tag="245" ind1="0" ind2="0">
            <subfield code="a">Evas øye</subfield>
            <subfield code="c">manus og regi: Berit Nesheim</subfield>
            <subfield code="h">[videoopptak]</subfield>
        </datafield>
        <datafield tag="260" ind1=" " ind2=" ">
            <subfield code="a">Oslo</subfield>
            <subfield code="b">Nordisk film</subfield>
            <subfield code="c">2009</subfield>
        </datafield>
        <datafield tag="300" ind1=" " ind2=" ">
            <subfield code="a">1 videoplate (DVD-video) (97 min)</subfield>
            <subfield code="b">lyd, kol.</subfield>
        </datafield>
        <datafield tag="336" ind1=" " ind2=" " a="t">
            <subfield code="a">moving image</subfield>
            <subfield code="0">http://rdaregistry.info/termList/RDAContentType/1023</subfield>
        </datafield>
        <datafield tag="337" ind1=" " ind2=" " a="t">
            <subfield code="a">video</subfield>
            <subfield code="0">http://rdaregistry.info/termList/RDAMediaType/1008</subfield>
        </datafield>
        <datafield tag="338" ind1=" " ind2=" " a="t">
            <subfield code="a">video disc</subfield>
            <subfield code="0">http://rdaregistry.info/termList/RDACarrierType/1060</subfield>
        </datafield>
        <datafield tag="500" ind1=" " ind2=" ">
            <subfield code="a">Basert på Karin Fossums roman med samme navn</subfield>
        </datafield>
        <datafield tag="500" ind1=" " ind2=" ">
            <subfield code="a">Medietilsynet : P7661</subfield>
        </datafield>
        <datafield tag="500" ind1=" " ind2=" ">
            <subfield code="a">Norsk tale, engelske eller norske undertekster valgbare</subfield>
        </datafield>
        <datafield tag="500" ind1=" " ind2=" ">
            <subfield code="a">Produksjon: Norge : Northern Lights, 1999.</subfield>
        </datafield>
        <datafield tag="500" ind1=" " ind2=" ">
            <subfield code="a">Rolleliste: Andrine Sæther, Bjørn Sundquist, Gisken Armand, Sverre Anker Ousdal.</subfield>
        </datafield>
        <datafield tag="653" ind1=" " ind2=" ">
            <subfield code="a">norske</subfield>
            <subfield code="a">spillefilmer</subfield>
            <subfield code="a">kriminalfilmer</subfield>
            <subfield code="a">krim</subfield>
            <subfield code="a">crime</subfield>
            <subfield code="a">drama</subfield>
            <subfield code="a">thriller</subfield>
            <subfield code="a">norge</subfield>
            <subfield code="a">norway</subfield>
        </datafield>
        <datafield tag="700" ind1="1" ind2=" ">
            <subfield code="a">Armand, Gisken</subfield>
            <subfield code="d">1962-</subfield>
            <subfield code="0">(NO-TrBIB)98012201</subfield>
            <subfield code="4">act</subfield>
            <subfield code="4">http://rdaregistry.info/Elements/e/object/P20012</subfield>
            <subfield code="1">http://example.org/armand</subfield>          
        </datafield>
        <datafield tag="700" ind1="1" ind2=" ">
            <subfield code="a">Nesheim, Berit</subfield>
            <subfield code="d">1945-</subfield>
            <subfield code="0">(NO-TrBIB)90566146</subfield>
            <subfield code="4">aus</subfield>
            <subfield code="4">drt</subfield>
            <subfield code="4">http://rdaregistry.info/Elements/w/object/P10203</subfield>
            <subfield code="4">http://rdaregistry.info/Elements/w/object/P10066</subfield>
            <subfield code="1">http://example.org/nesheim</subfield>
        </datafield>
        <datafield tag="700" ind1="1" ind2=" ">
            <subfield code="a">Ousdal, Sverre Anker</subfield>
            <subfield code="d">1944-</subfield>
            <subfield code="0">(NO-TrBIB)90939479</subfield>
            <subfield code="4">act</subfield>
            <subfield code="4">http://rdaregistry.info/Elements/e/object/P20012</subfield>
            <subfield code="1">http://example.org/ousdal</subfield> 
        </datafield>
        <datafield tag="700" ind1="1" ind2=" ">
            <subfield code="a">Sæther, Andrine</subfield>
            <subfield code="d">1964-</subfield>
            <subfield code="0">(NO-TrBIB)68643</subfield>
            <subfield code="4">act</subfield>
            <subfield code="4">http://rdaregistry.info/Elements/e/object/P20012</subfield>
            <subfield code="1">http://example.org/sæter</subfield> 
        </datafield>
        <datafield tag="700" ind1="1" ind2=" ">
            <subfield code="a">Sundquist, Bjørn</subfield>
            <subfield code="d">1948-</subfield>
            <subfield code="0">(NO-TrBIB)90235465</subfield>
            <subfield code="4">act</subfield>
            <subfield code="4">http://rdaregistry.info/Elements/e/object/P20012</subfield>
            <subfield code="1">http://example.org/sundquist</subfield> 
        </datafield>
        <!--<datafield tag="700" ind1="1" ind2="2">
            <subfield code="a">Fossum, Karin</subfield>
            <subfield code="d">1954-</subfield>
            <subfield code="t">Evas Øye</subfield>
            <subfield code="0">(NO-TrBIB)90608300</subfield>
            <subfield code="4">ant</subfield>
        </datafield>-->
        <datafield tag="700" ind1="0" ind2=" ">
            <subfield code="a">Fossum, Karin</subfield>
            <subfield code="t">Evas øye</subfield>
            <subfield code="1">http://viaf.org/viaf/2949151051818133530003</subfield>
            <subfield code="4">http://rdaregistry.info/Elements/w/object/P10129</subfield>
        </datafield>
    </record>
</collection>

